<?xml version="1.0" encoding="UTF-8"?>
<record xmlns="http://www.loc.gov/MARC21/slim" xmlns:xsi="http://www.w3.org/2001/XMLSchema-instance" xsi:schemaLocation="http://www.loc.gov/MARC21/slim http://www.loc.gov/standards/marcxml/schema/MARC21slim.xsd">
<leader>00000cam a22      i 4500</leader>
<controlfield tag="001">001682247</controlfield>
<controlfield tag="003">NNU</controlfield>
<controlfield tag="005">20160120175742.0</controlfield>
<controlfield tag="008">870106s1928    ua      r     000 0 ara d</controlfield>
<datafield tag="035" ind1=" " ind2=" ">
<subfield code="a">(OCoLC)44665778</subfield>
<subfield code="z">(OCoLC)227032030</subfield>
<subfield code="z">(OCoLC)706072221</subfield>
</datafield>
<datafield tag="040" ind1=" " ind2=" ">
<subfield code="a">ZCU</subfield>
<subfield code="b">eng</subfield>
<subfield code="c">ZCU</subfield>
<subfield code="d">IUL</subfield>
<subfield code="d">OCLCA</subfield>
<subfield code="d">OCLCQ</subfield>
<subfield code="d">OCLCO</subfield>
<subfield code="d">OCLCF</subfield>
<subfield code="d">OCLCO</subfield>
<subfield code="d">NNU</subfield>
</datafield>
<datafield tag="050" ind1=" " ind2="4">
<subfield code="a">Z3026</subfield>
<subfield code="b">.S28 1928</subfield>
</datafield>
<datafield tag="100" ind1="1" ind2=" ">
<subfield code="6">880-01</subfield>
<subfield code="a">Sarkīs, Yūsuf Ilyān,</subfield>
<subfield code="d">1856-1932 or 1933.</subfield>
</datafield>
<datafield tag="245" ind1="1" ind2="0">
<subfield code="6">880-02</subfield>
<subfield code="a">Muʻjam al-maṭbūʻāt al-ʻArabīyah wa-al-muʻarrabah</subfield>
<subfield code="b">wa-huwa shāmil li-asmāʼ al-kutub al-maṭbūʻah fī al-aqṭār al-sharqīyah wa-al-gharbīyah, maʻa dhikr asmāʼ muʼallifīhā wa-lumʻah min tarjamatihim wa-dhālika min yawm ẓuhūr al-ṭibāʻah ilʹa nihāyat al-sanah al-Hijrīyah 1339 al-muwāfiqah li-sanat 1919 Mīlādīyah</subfield>
<subfield code="c">jamaʻahu wa-rattabahu Yūsuf Ilyān Sarkīs.</subfield>
</datafield>
<datafield tag="260" ind1=" " ind2=" ">
<subfield code="6">880-03</subfield>
<subfield code="a">Miṣr :</subfield>
<subfield code="b">Maṭbaʻat Sarkīs,</subfield>
<subfield code="c">1928.</subfield>
</datafield>
<datafield tag="300" ind1=" " ind2=" ">
<subfield code="a">4 pages, 2024 columns, 152, 18 pages ;</subfield>
<subfield code="c">33 cm</subfield>
</datafield>
<datafield tag="336" ind1=" " ind2=" ">
<subfield code="a">text</subfield>
<subfield code="b">txt</subfield>
<subfield code="2">rdacontent</subfield>
</datafield>
<datafield tag="337" ind1=" " ind2=" ">
<subfield code="a">unmediated</subfield>
<subfield code="b">n</subfield>
<subfield code="2">rdamedia</subfield>
</datafield>
<datafield tag="500" ind1=" " ind2=" ">
<subfield code="a">In Arabic.</subfield>
</datafield>
<datafield tag="500" ind1=" " ind2=" ">
<subfield code="a">Cover title: Dictionnaire encyclopédique arabe, comprenant 1 ̊le nom de ious les ouvrages imprimés, tant en Orient qu'en Occident et en Amérique, depuis la création de l'imprimerie jusqu'à 1919 inclusivement; 2 ̊une biographie succinte de la plupart des auteurs anciens et modernes; 3 ̊les sources des notes biographiques.</subfield>
</datafield>
<datafield tag="500" ind1=" " ind2=" ">
<subfield code="a">Continued by author's [non-roman characters].</subfield>
</datafield>
<datafield tag="500" ind1=" " ind2=" ">
<subfield code="a">Issued in 11 parts, 1928-30.</subfield>
</datafield>
<datafield tag="533" ind1=" " ind2=" ">
<subfield code="a">Photoreproduction.</subfield>
</datafield>
<datafield tag="650" ind1=" " ind2="0">
<subfield code="a">Arabic literature</subfield>
<subfield code="v">Bio-bibliography.</subfield>
</datafield>
<datafield tag="650" ind1=" " ind2="7">
<subfield code="a">Arabic literature.</subfield>
<subfield code="2">fast</subfield>
<subfield code="0">(OCoLC)fst00812478</subfield>
</datafield>
<datafield tag="655" ind1=" " ind2="7">
<subfield code="a">Bio-bibliography.</subfield>
<subfield code="2">fast</subfield>
<subfield code="0">(OCoLC)fst01423685</subfield>
</datafield>
<datafield tag="740" ind1="0" ind2=" ">
<subfield code="a">Dictionnaire encyclopédique de bibliographie arabe.</subfield>
</datafield>
<datafield tag="776" ind1="0" ind2="8">
<subfield code="i">Online version:</subfield>
<subfield code="a">Sarkīs, Yūsuf Ilyān, 1856-1932 or 3.</subfield>
<subfield code="t">Muʻjam al-maṭbūʻāt al-ʻArabīyah wa-al-muʻarrabah.</subfield>
<subfield code="d">Miṣr : Maṭbaʻat Sarkīs, 1928</subfield>
<subfield code="w">(OCoLC)618896732</subfield>
</datafield>
<datafield tag="880" ind1="1" ind2=" ">
<subfield code="6">100-01/</subfield>
<subfield code="a">سركيس، يوسف اليان،</subfield>
<subfield code="d">1856-1932 or 1933.</subfield>
</datafield>
<datafield tag="880" ind1="1" ind2="0">
<subfield code="6">245-02/</subfield>
<subfield code="a">معجم المطبوعات العربية والمعربة :</subfield>
<subfield code="b">وهو شامل لاسماء الكتب المطبوعة في الاقطار الشرقية والغربية، مع ذكر اسماء مؤلفيها ولمعة من ترجمتهم وذلك من يوم ظهور الطباعة الى نهاية السنة الهجرية 1339 الموافقة لسنة 1919 ميلادية /</subfield>
<subfield code="c">جمعه ورتبه يوسف اليان سركيس.</subfield>
</datafield>
<datafield tag="880" ind1=" " ind2=" ">
<subfield code="6">260-03/</subfield>
<subfield code="a">مصر :</subfield>
<subfield code="b">مطبعة سركيس،</subfield>
<subfield code="c">1928.</subfield>
</datafield>
<datafield tag="OWN" ind1=" " ind2=" ">
<subfield code="a">GENERAL</subfield>
</datafield>
<datafield tag="AVA" ind1=" " ind2=" ">
<subfield code="a">NYU50</subfield>
<subfield code="b">BOBST</subfield>
<subfield code="c">Main Collection</subfield>
<subfield code="d">Z3026 .S3</subfield>
<subfield code="e">unavailable</subfield>
<subfield code="t">Unavailable</subfield>
<subfield code="f">1</subfield>
<subfield code="g">1</subfield>
<subfield code="h">N</subfield>
<subfield code="i">0</subfield>
<subfield code="j">MAIN</subfield>
<subfield code="k">0</subfield>
</datafield>
</record>
